[gd_scene load_steps=9 format=2]

[ext_resource path="res://Scripts/KinematicBody2D.gd" type="Script" id=1]
[ext_resource path="res://Assets/Triangle.png" type="Texture" id=2]
[ext_resource path="res://Scripts/loc_fade.gd" type="Script" id=3]
[ext_resource path="res://Scripts/Gril.gd" type="Script" id=4]
[ext_resource path="res://Scripts/Black_Wall.gd" type="Script" id=5]
[ext_resource path="res://Assets/Wall.png" type="Texture" id=6]
[ext_resource path="res://Assets/level3.ogg" type="AudioStream" id=7]

[sub_resource type="RectangleShape2D" id=1]

custom_solver_bias = 0.0
extents = Vector2( 32, 32 )

[node name="World" type="Node" index="0"]

__meta__ = {
"_edit_horizontal_guides_": [ 128.0, 480.0, 896.0, 1120.0 ],
"_edit_vertical_guides_": [ 1920.0, -1120.0, -224.0, 1472.0, 2848.0 ]
}

[node name="Player" type="KinematicBody2D" parent="." index="0"]

position = Vector2( 640, 224 )
input_pickable = false
collision_layer = 1
collision_mask = 1
collision/safe_margin = 0.08
script = ExtResource( 1 )
_sections_unfolded = [ "Collision", "Pickable", "Visibility" ]
level = 3
level_1_end = 5600
level_2_end = 5500
level_3_end = 4500
level_4_end = -2100
movespeed = 200
gravity = 10
jump_force = -300
respawn_depth = 4000

[node name="Sprite" type="Sprite" parent="Player" index="0"]

modulate = Color( 0, 0, 0, 1 )
texture = ExtResource( 2 )

[node name="Camera2D" type="Camera2D" parent="Player" index="1"]

anchor_mode = 1
rotating = false
current = true
zoom = Vector2( 1, 1 )
limit_left = -10000000
limit_top = -10000000
limit_right = 10000000
limit_bottom = 10000000
limit_smoothed = false
drag_margin_h_enabled = true
drag_margin_v_enabled = true
smoothing_enabled = false
smoothing_speed = 5.0
offset_v = 0.0
offset_h = 0.0
drag_margin_left = 0.2
drag_margin_top = 0.2
drag_margin_right = 0.2
drag_margin_bottom = 0.2
editor_draw_screen = true
editor_draw_limits = false
editor_draw_drag_margin = false
_sections_unfolded = [ "Smoothing" ]

[node name="CollisionPolygon2D" type="CollisionPolygon2D" parent="Player" index="2"]

build_mode = 0
polygon = PoolVector2Array( -32, -32, -32, -32, -32, 32, 32, 32, -32, -32 )

[node name="Text" type="Node2D" parent="Player" index="3"]

[node name="Label" type="Label" parent="Player/Text" index="0"]

anchor_left = 0.0
anchor_top = 0.0
anchor_right = 0.0
anchor_bottom = 0.0
margin_left = -160.0
margin_top = -128.0
margin_right = 375.0
margin_bottom = -47.0
rect_pivot_offset = Vector2( 0, 0 )
rect_clip_content = false
mouse_filter = 2
mouse_default_cursor_shape = 0
size_flags_horizontal = 1
size_flags_vertical = 4
text = "After sliding down the steep, underground slope that definitely isn't worth exploring
Timmy then explored the new cavern in front of him"
percent_visible = 1.0
lines_skipped = 0
max_lines_visible = -1
script = ExtResource( 3 )
xmin = 0
xmax = 0
ymax = 0
ymin = 0

[node name="Label2" type="Label" parent="Player/Text" index="1"]

anchor_left = 0.0
anchor_top = 0.0
anchor_right = 0.0
anchor_bottom = 0.0
margin_left = -64.0
margin_top = -130.0
margin_right = 299.0
margin_bottom = -49.0
rect_pivot_offset = Vector2( 0, 0 )
rect_clip_content = false
mouse_filter = 2
mouse_default_cursor_shape = 0
size_flags_horizontal = 1
size_flags_vertical = 4
text = "Why must you hurt me this way?"
percent_visible = 1.0
lines_skipped = 0
max_lines_visible = -1
script = ExtResource( 3 )
xmin = 0
xmax = 0
ymax = 0
ymin = 0

[node name="Label3" type="Label" parent="Player/Text" index="2"]

anchor_left = 0.0
anchor_top = 0.0
anchor_right = 0.0
anchor_bottom = 0.0
margin_left = -64.0
margin_top = -128.0
margin_right = 299.0
margin_bottom = -47.0
rect_pivot_offset = Vector2( 0, 0 )
rect_clip_content = false
mouse_filter = 2
mouse_default_cursor_shape = 0
size_flags_horizontal = 1
size_flags_vertical = 4
text = "\"What was that?\""
percent_visible = 1.0
lines_skipped = 0
max_lines_visible = -1
script = ExtResource( 3 )
xmin = 0
xmax = 0
ymax = 0
ymin = 0

[node name="Gril" type="KinematicBody2D" parent="." index="1"]

editor/display_folded = true
position = Vector2( 1632, 383 )
input_pickable = false
collision_layer = 1
collision_mask = 1
collision/safe_margin = 0.08
script = ExtResource( 4 )
_sections_unfolded = [ "Collision", "Pickable", "Transform", "Visibility" ]
__meta__ = {
"_edit_group_": true
}
speed = 700

[node name="Sprite" type="Sprite" parent="Gril" index="0"]

modulate = Color( 1, 0, 0.914062, 1 )
rotation = 3.14159
texture = ExtResource( 2 )
_sections_unfolded = [ "Transform", "Visibility" ]

[node name="CollisionPolygon2D" type="CollisionPolygon2D" parent="Gril" index="1"]

rotation = 3.14159
build_mode = 0
polygon = PoolVector2Array( -32, -32, -32, -32, -32, 32, 32, 32, -32, -32 )
_sections_unfolded = [ "Transform" ]

[node name="Text" type="Node2D" parent="Gril" index="2"]

editor/display_folded = true

[node name="Label" type="Label" parent="Gril/Text" index="0"]

visible = false
anchor_left = 0.0
anchor_top = 0.0
anchor_right = 0.0
anchor_bottom = 0.0
margin_left = -64.0
margin_top = -130.0
margin_right = 299.0
margin_bottom = -49.0
rect_pivot_offset = Vector2( 0, 0 )
rect_clip_content = false
mouse_filter = 2
mouse_default_cursor_shape = 0
size_flags_horizontal = 1
size_flags_vertical = 4
text = "After sliding down the steep, underground slope that definitely isn't worth exploring
Timmy then explored the new cavern in front of him"
percent_visible = 1.0
lines_skipped = 0
max_lines_visible = -1
script = ExtResource( 3 )
xmin = 0
xmax = 0
ymax = 0
ymin = 0

[node name="Label2" type="Label" parent="Gril/Text" index="1"]

visible = false
anchor_left = 0.0
anchor_top = 0.0
anchor_right = 0.0
anchor_bottom = 0.0
margin_left = -64.0
margin_top = -130.0
margin_right = 299.0
margin_bottom = -49.0
rect_pivot_offset = Vector2( 0, 0 )
rect_clip_content = false
mouse_filter = 2
mouse_default_cursor_shape = 0
size_flags_horizontal = 1
size_flags_vertical = 4
text = "Why must you hurt me this way?"
percent_visible = 1.0
lines_skipped = 0
max_lines_visible = -1
script = ExtResource( 3 )
xmin = 0
xmax = 0
ymax = 0
ymin = 0

[node name="Walls" type="Node" parent="." index="2"]

editor/display_folded = true

[node name="Wall" type="StaticBody2D" parent="Walls" index="0"]

editor/display_folded = true
position = Vector2( 844, 448 )
scale = Vector2( 16.625, 1 )
input_pickable = false
collision_layer = 1
collision_mask = 0
constant_linear_velocity = Vector2( 0, 0 )
constant_angular_velocity = 0.0
friction = 1.0
bounce = 0.0
script = ExtResource( 5 )
_sections_unfolded = [ "Collision" ]
__meta__ = {
"_edit_group_": true
}
Tag = "G"

[node name="Sprite" type="Sprite" parent="Walls/Wall" index="0"]

modulate = Color( 0, 0, 0, 1 )
texture = ExtResource( 6 )
_sections_unfolded = [ "Visibility" ]

[node name="CollisionShape2D" type="CollisionShape2D" parent="Walls/Wall" index="1"]

shape = SubResource( 1 )

[node name="Wall5" type="StaticBody2D" parent="Walls" index="1"]

editor/display_folded = true
position = Vector2( 988, 448 )
scale = Vector2( 21.125, 1 )
input_pickable = false
collision_layer = 1
collision_mask = 0
constant_linear_velocity = Vector2( 0, 0 )
constant_angular_velocity = 0.0
friction = 1.0
bounce = 0.0
script = ExtResource( 5 )
_sections_unfolded = [ "Collision" ]
__meta__ = {
"_edit_group_": true
}
Tag = "G"

[node name="Sprite" type="Sprite" parent="Walls/Wall5" index="0"]

modulate = Color( 0, 0, 0, 1 )
texture = ExtResource( 6 )
_sections_unfolded = [ "Visibility" ]

[node name="CollisionShape2D" type="CollisionShape2D" parent="Walls/Wall5" index="1"]

shape = SubResource( 1 )

[node name="Wall7" type="StaticBody2D" parent="Walls" index="2"]

editor/display_folded = true
position = Vector2( 1726, 448 )
scale = Vector2( 8.0625, 1 )
input_pickable = false
collision_layer = 1
collision_mask = 0
constant_linear_velocity = Vector2( 0, 0 )
constant_angular_velocity = 0.0
friction = 1.0
bounce = 0.0
script = ExtResource( 5 )
_sections_unfolded = [ "Collision" ]
__meta__ = {
"_edit_group_": true
}
Tag = "G"

[node name="Sprite" type="Sprite" parent="Walls/Wall7" index="0"]

modulate = Color( 0, 0, 0, 1 )
texture = ExtResource( 6 )
_sections_unfolded = [ "Visibility" ]

[node name="CollisionShape2D" type="CollisionShape2D" parent="Walls/Wall7" index="1"]

shape = SubResource( 1 )

[node name="Wall8" type="StaticBody2D" parent="Walls" index="3"]

editor/display_folded = true
position = Vector2( 2816, 448 )
scale = Vector2( 7, 1 )
input_pickable = false
collision_layer = 1
collision_mask = 0
constant_linear_velocity = Vector2( 0, 0 )
constant_angular_velocity = 0.0
friction = 1.0
bounce = 0.0
script = ExtResource( 5 )
_sections_unfolded = [ "Collision" ]
__meta__ = {
"_edit_group_": true
}
Tag = "G"

[node name="Sprite" type="Sprite" parent="Walls/Wall8" index="0"]

modulate = Color( 0, 0, 0, 1 )
texture = ExtResource( 6 )
_sections_unfolded = [ "Visibility" ]

[node name="CollisionShape2D" type="CollisionShape2D" parent="Walls/Wall8" index="1"]

shape = SubResource( 1 )

[node name="Wall13" type="StaticBody2D" parent="Walls" index="4"]

editor/display_folded = true
position = Vector2( 4560, 448 )
scale = Vector2( 13.5, 1 )
input_pickable = false
collision_layer = 1
collision_mask = 0
constant_linear_velocity = Vector2( 0, 0 )
constant_angular_velocity = 0.0
friction = 1.0
bounce = 0.0
script = ExtResource( 5 )
_sections_unfolded = [ "Collision" ]
__meta__ = {
"_edit_group_": true
}
Tag = "G"

[node name="Sprite" type="Sprite" parent="Walls/Wall13" index="0"]

modulate = Color( 0, 0, 0, 1 )
texture = ExtResource( 6 )
_sections_unfolded = [ "Visibility" ]

[node name="CollisionShape2D" type="CollisionShape2D" parent="Walls/Wall13" index="1"]

shape = SubResource( 1 )

[node name="Wall9" type="StaticBody2D" parent="Walls" index="5"]

editor/display_folded = true
position = Vector2( 2144, 416 )
scale = Vector2( 2.75, 0.499999 )
input_pickable = false
collision_layer = 1
collision_mask = 0
constant_linear_velocity = Vector2( 0, 0 )
constant_angular_velocity = 0.0
friction = 1.0
bounce = 0.0
script = ExtResource( 5 )
_sections_unfolded = [ "Collision" ]
__meta__ = {
"_edit_group_": true
}
Tag = "B"

[node name="Sprite" type="Sprite" parent="Walls/Wall9" index="0"]

modulate = Color( 0, 0, 0, 1 )
texture = ExtResource( 6 )
_sections_unfolded = [ "Visibility" ]

[node name="CollisionShape2D" type="CollisionShape2D" parent="Walls/Wall9" index="1"]

shape = SubResource( 1 )

[node name="Wall10" type="StaticBody2D" parent="Walls" index="6"]

editor/display_folded = true
position = Vector2( 2336, 384 )
scale = Vector2( 1.84375, 0.40625 )
input_pickable = false
collision_layer = 1
collision_mask = 0
constant_linear_velocity = Vector2( 0, 0 )
constant_angular_velocity = 0.0
friction = 1.0
bounce = 0.0
script = ExtResource( 5 )
_sections_unfolded = [ "Collision" ]
__meta__ = {
"_edit_group_": true
}
Tag = "W"

[node name="Sprite" type="Sprite" parent="Walls/Wall10" index="0"]

modulate = Color( 0, 0, 0, 1 )
texture = ExtResource( 6 )
_sections_unfolded = [ "Visibility" ]

[node name="CollisionShape2D" type="CollisionShape2D" parent="Walls/Wall10" index="1"]

shape = SubResource( 1 )

[node name="Wall11" type="StaticBody2D" parent="Walls" index="7"]

editor/display_folded = true
position = Vector2( 2496, 352 )
scale = Vector2( 2.75, 0.499999 )
input_pickable = false
collision_layer = 1
collision_mask = 0
constant_linear_velocity = Vector2( 0, 0 )
constant_angular_velocity = 0.0
friction = 1.0
bounce = 0.0
script = ExtResource( 5 )
_sections_unfolded = [ "Collision" ]
__meta__ = {
"_edit_group_": true
}
Tag = "B"

[node name="Sprite" type="Sprite" parent="Walls/Wall11" index="0"]

modulate = Color( 0, 0, 0, 1 )
texture = ExtResource( 6 )
_sections_unfolded = [ "Visibility" ]

[node name="CollisionShape2D" type="CollisionShape2D" parent="Walls/Wall11" index="1"]

shape = SubResource( 1 )

[node name="Wall15" type="StaticBody2D" parent="Walls" index="8"]

editor/display_folded = true
position = Vector2( 3286.65, 415.935 )
rotation = -0.725851
scale = Vector2( 2.75, 0.499999 )
input_pickable = false
collision_layer = 1
collision_mask = 0
constant_linear_velocity = Vector2( 0, 0 )
constant_angular_velocity = 0.0
friction = 1.0
bounce = 0.0
script = ExtResource( 5 )
_sections_unfolded = [ "Collision" ]
__meta__ = {
"_edit_group_": true
}
Tag = "B"

[node name="Sprite" type="Sprite" parent="Walls/Wall15" index="0"]

modulate = Color( 0, 0, 0, 1 )
texture = ExtResource( 6 )
_sections_unfolded = [ "Visibility" ]

[node name="CollisionShape2D" type="CollisionShape2D" parent="Walls/Wall15" index="1"]

shape = SubResource( 1 )

[node name="Wall16" type="StaticBody2D" parent="Walls" index="9"]

editor/display_folded = true
position = Vector2( 3488, 320 )
scale = Vector2( 2.75, 0.499999 )
input_pickable = false
collision_layer = 1
collision_mask = 0
constant_linear_velocity = Vector2( 0, 0 )
constant_angular_velocity = 0.0
friction = 1.0
bounce = 0.0
script = ExtResource( 5 )
_sections_unfolded = [ "Collision" ]
__meta__ = {
"_edit_group_": true
}
Tag = "W"

[node name="Sprite" type="Sprite" parent="Walls/Wall16" index="0"]

modulate = Color( 0, 0, 0, 1 )
texture = ExtResource( 6 )
_sections_unfolded = [ "Visibility" ]

[node name="CollisionShape2D" type="CollisionShape2D" parent="Walls/Wall16" index="1"]

shape = SubResource( 1 )

[node name="Wall17" type="StaticBody2D" parent="Walls" index="10"]

editor/display_folded = true
position = Vector2( 3696, 288 )
scale = Vector2( 2.5, 1 )
input_pickable = false
collision_layer = 1
collision_mask = 0
constant_linear_velocity = Vector2( 0, 0 )
constant_angular_velocity = 0.0
friction = 1.0
bounce = 0.0
script = ExtResource( 5 )
_sections_unfolded = [ "Collision" ]
__meta__ = {
"_edit_group_": true
}
Tag = "B"

[node name="Sprite" type="Sprite" parent="Walls/Wall17" index="0"]

modulate = Color( 0, 0, 0, 1 )
texture = ExtResource( 6 )
_sections_unfolded = [ "Visibility" ]

[node name="CollisionShape2D" type="CollisionShape2D" parent="Walls/Wall17" index="1"]

shape = SubResource( 1 )

[node name="Wall19" type="StaticBody2D" parent="Walls" index="11"]

editor/display_folded = true
position = Vector2( 3856, 240 )
scale = Vector2( 0.499995, 2.5 )
input_pickable = false
collision_layer = 1
collision_mask = 0
constant_linear_velocity = Vector2( 0, 0 )
constant_angular_velocity = 0.0
friction = 1.0
bounce = 0.0
script = ExtResource( 5 )
_sections_unfolded = [ "Collision" ]
__meta__ = {
"_edit_group_": true
}
Tag = "B"

[node name="Sprite" type="Sprite" parent="Walls/Wall19" index="0"]

modulate = Color( 0, 0, 0, 1 )
texture = ExtResource( 6 )
_sections_unfolded = [ "Visibility" ]

[node name="CollisionShape2D" type="CollisionShape2D" parent="Walls/Wall19" index="1"]

shape = SubResource( 1 )

[node name="Wall20" type="StaticBody2D" parent="Walls" index="12"]

editor/display_folded = true
position = Vector2( 4080, 240 )
scale = Vector2( 0.499996, 2.5 )
input_pickable = false
collision_layer = 1
collision_mask = 0
constant_linear_velocity = Vector2( 0, 0 )
constant_angular_velocity = 0.0
friction = 1.0
bounce = 0.0
script = ExtResource( 5 )
_sections_unfolded = [ "Collision" ]
__meta__ = {
"_edit_group_": true
}
Tag = "B"

[node name="Sprite" type="Sprite" parent="Walls/Wall20" index="0"]

modulate = Color( 0, 0, 0, 1 )
texture = ExtResource( 6 )
_sections_unfolded = [ "Visibility" ]

[node name="CollisionShape2D" type="CollisionShape2D" parent="Walls/Wall20" index="1"]

shape = SubResource( 1 )

[node name="Wall22" type="StaticBody2D" parent="Walls" index="13"]

editor/display_folded = true
position = Vector2( 4112, 240 )
scale = Vector2( 0.500002, 2.5 )
input_pickable = false
collision_layer = 1
collision_mask = 0
constant_linear_velocity = Vector2( 0, 0 )
constant_angular_velocity = 0.0
friction = 1.0
bounce = 0.0
script = ExtResource( 5 )
_sections_unfolded = [ "Collision" ]
__meta__ = {
"_edit_group_": true
}
Tag = "W"

[node name="Sprite" type="Sprite" parent="Walls/Wall22" index="0"]

modulate = Color( 0, 0, 0, 1 )
texture = ExtResource( 6 )
_sections_unfolded = [ "Visibility" ]

[node name="CollisionShape2D" type="CollisionShape2D" parent="Walls/Wall22" index="1"]

shape = SubResource( 1 )

[node name="Wall18" type="StaticBody2D" parent="Walls" index="14"]

editor/display_folded = true
position = Vector2( 3968, 256 )
scale = Vector2( 3.00001, 1 )
input_pickable = false
collision_layer = 1
collision_mask = 0
constant_linear_velocity = Vector2( 0, 0 )
constant_angular_velocity = 0.0
friction = 1.0
bounce = 0.0
script = ExtResource( 5 )
_sections_unfolded = [ "Collision" ]
__meta__ = {
"_edit_group_": true
}
Tag = "W"

[node name="Sprite" type="Sprite" parent="Walls/Wall18" index="0"]

modulate = Color( 0, 0, 0, 1 )
texture = ExtResource( 6 )
_sections_unfolded = [ "Visibility" ]

[node name="CollisionShape2D" type="CollisionShape2D" parent="Walls/Wall18" index="1"]

shape = SubResource( 1 )

[node name="Wall21" type="StaticBody2D" parent="Walls" index="15"]

editor/display_folded = true
position = Vector2( 4000, 448 )
scale = Vector2( 2.49999, 1 )
input_pickable = false
collision_layer = 1
collision_mask = 0
constant_linear_velocity = Vector2( 0, 0 )
constant_angular_velocity = 0.0
friction = 1.0
bounce = 0.0
script = ExtResource( 5 )
_sections_unfolded = [ "Collision" ]
__meta__ = {
"_edit_group_": true
}
Tag = "W"

[node name="Sprite" type="Sprite" parent="Walls/Wall21" index="0"]

modulate = Color( 0, 0, 0, 1 )
texture = ExtResource( 6 )
_sections_unfolded = [ "Visibility" ]

[node name="CollisionShape2D" type="CollisionShape2D" parent="Walls/Wall21" index="1"]

shape = SubResource( 1 )

[node name="Wall6" type="StaticBody2D" parent="Walls" index="16"]

editor/display_folded = true
position = Vector2( 1440, 352 )
scale = Vector2( 0.999999, 2 )
input_pickable = false
collision_layer = 1
collision_mask = 0
constant_linear_velocity = Vector2( 0, 0 )
constant_angular_velocity = 0.0
friction = 1.0
bounce = 0.0
_sections_unfolded = [ "Collision", "Transform" ]
__meta__ = {
"_edit_group_": true
}

[node name="Sprite" type="Sprite" parent="Walls/Wall6" index="0"]

modulate = Color( 1, 0, 0.913725, 1 )
texture = ExtResource( 6 )
_sections_unfolded = [ "Visibility" ]

[node name="CollisionShape2D" type="CollisionShape2D" parent="Walls/Wall6" index="1"]

visible = false
shape = SubResource( 1 )
disabled = true

[node name="Timer" type="Timer" parent="Walls/Wall6" index="2"]

process_mode = 1
wait_time = 5.0
one_shot = false
autostart = false

[node name="Wall12" type="StaticBody2D" parent="Walls" index="17"]

editor/display_folded = true
position = Vector2( 2816, 352 )
scale = Vector2( 0.999999, 2 )
input_pickable = false
collision_layer = 1
collision_mask = 0
constant_linear_velocity = Vector2( 0, 0 )
constant_angular_velocity = 0.0
friction = 1.0
bounce = 0.0
_sections_unfolded = [ "Collision", "Transform" ]
__meta__ = {
"_edit_group_": true
}

[node name="Sprite" type="Sprite" parent="Walls/Wall12" index="0"]

modulate = Color( 1, 0, 0.913725, 1 )
texture = ExtResource( 6 )
_sections_unfolded = [ "Visibility" ]

[node name="CollisionShape2D" type="CollisionShape2D" parent="Walls/Wall12" index="1"]

visible = false
shape = SubResource( 1 )
disabled = true

[node name="Timer" type="Timer" parent="Walls/Wall12" index="2"]

process_mode = 1
wait_time = 5.0
one_shot = false
autostart = false

[node name="Wall3" type="StaticBody2D" parent="Walls" index="18"]

editor/display_folded = true
position = Vector2( -535, 1088 )
scale = Vector2( 18.2813, 1 )
input_pickable = false
collision_layer = 1
collision_mask = 0
constant_linear_velocity = Vector2( 0, 0 )
constant_angular_velocity = 0.0
friction = 1.0
bounce = 0.0
script = ExtResource( 5 )
_sections_unfolded = [ "Collision" ]
__meta__ = {
"_edit_group_": true
}
Tag = "G"

[node name="Sprite" type="Sprite" parent="Walls/Wall3" index="0"]

modulate = Color( 0, 0, 0, 1 )
texture = ExtResource( 6 )
_sections_unfolded = [ "Visibility" ]

[node name="CollisionShape2D" type="CollisionShape2D" parent="Walls/Wall3" index="1"]

shape = SubResource( 1 )

[node name="Wall4" type="StaticBody2D" parent="Walls" index="19"]

editor/display_folded = true
position = Vector2( -1088, 928 )
scale = Vector2( 1, 4 )
input_pickable = false
collision_layer = 1
collision_mask = 0
constant_linear_velocity = Vector2( 0, 0 )
constant_angular_velocity = 0.0
friction = 1.0
bounce = 0.0
script = ExtResource( 5 )
_sections_unfolded = [ "Collision" ]
__meta__ = {
"_edit_group_": true
}
Tag = "G"

[node name="Sprite" type="Sprite" parent="Walls/Wall4" index="0"]

modulate = Color( 0, 0, 0, 1 )
texture = ExtResource( 6 )
_sections_unfolded = [ "Visibility" ]

[node name="CollisionShape2D" type="CollisionShape2D" parent="Walls/Wall4" index="1"]

shape = SubResource( 1 )

[node name="Wall2" type="StaticBody2D" parent="Walls" index="20"]

editor/display_folded = true
position = Vector2( -56.2261, 186.094 )
rotation = 0.605629
scale = Vector2( 14.6894, 1 )
input_pickable = false
collision_layer = 1
collision_mask = 0
constant_linear_velocity = Vector2( 0, 0 )
constant_angular_velocity = 0.0
friction = 1.0
bounce = 0.0
script = ExtResource( 5 )
_sections_unfolded = [ "Collision", "Transform" ]
__meta__ = {
"_edit_group_": true
}
Tag = "G"

[node name="Sprite" type="Sprite" parent="Walls/Wall2" index="0"]

modulate = Color( 0, 0, 0, 1 )
texture = ExtResource( 6 )
_sections_unfolded = [ "Visibility" ]

[node name="CollisionShape2D" type="CollisionShape2D" parent="Walls/Wall2" index="1"]

shape = SubResource( 1 )

[node name="AudioStreamPlayer" type="AudioStreamPlayer" parent="." index="3"]

stream = ExtResource( 7 )
volume_db = -14.0
pitch_scale = 1.0
autoplay = true
mix_target = 0
bus = "Master"

[node name="AnimationPlayer" type="AnimationPlayer" parent="." index="4"]

root_node = NodePath("..")
autoplay = ""
playback_process_mode = 1
playback_default_blend_time = 0.0
playback_speed = 1.0
blend_times = [  ]

[connection signal="place" from="Player" to="Player/Text/Label3" method="_on_Player_place"]

[connection signal="place" from="Player" to="Player/Text/Label" method="_on_Player_place"]

[connection signal="place" from="Player" to="Gril" method="_on_Player_place"]

[connection signal="place" from="Player" to="Player/Text/Label2" method="_on_Player_place"]


